@manual{swico,
    author={{Swico}},
    title={Jahresbericht 2015},
    year={2016},
    version={},
    url={http://www.swicorecycling.ch/downloads/dokumente/jahresbericht-2015.pdf/3356},
}

@online{SRF,
    author={Widmer, Reto and Buchmann, Reto},
    year={2016},
    url={https://www.srf.ch/radio-srf-3/digital/ausgediente-smartphones-schmoren-aber-nicht-in-der-schublade}
}

@thesis{Studie,
    author={Sander, Knut et al},
    title={Abfallwirtschaftliche Produktverantwortung unter Ressourcenschutzaspekte},
    type={Study},
    year={2012},
    month={8},
    institution={},
    address={},
    url={http://www.oekopol.de/archiv/material/603_RePro_Meilensteinbericht_1.pdf},
}

@online{Swisscom,
    author={Bauer, Roger},
    year={2017},
    url={https://www.swisscom.ch/de/about/medien/aktuell/handy-recycling.html#T=0f01148f-7661-4a87-8fd3-e49f8450ec6c&TS=872IV4HkaUR6_EK1pEMoqt-VGRTmiBXd7VkAEj5Z3As}
}

@online{vogelsteller20erc,
    title={ERC-20 Token Standard},
    author={Vogelsteller, Fabian and Buterin, Vitalik},
    year={2018},
    month={2},
    day={21},
    url={https://github.com/ethereum/EIPs/blob/master/EIPS/eip-20-tokenstandard.md}
}

@online{spcgit,
    title={SPCRT implementation code},
    author={Philippe Goetschmann and Raphael Koch and Benjamin Parellada and Tomohiro Shibata and Lukas Tobler and Anja Ulrich},
    year={2018},
    month={2},
    url={https://github.com/ETHBiots2018/spcrt}
}

@thesis{Statistics,
    author={Lord, Dominique et al},
    title={Poisson-Gamma and zero-inflated regression models of motor vehicle crashes: balancing statistical fit and theory},
    type={paper},
    year={2004},
    month={4},
    institution={},
    address={},
    url={https://ceprofs.civil.tamu.edu/dlord/Papers/Lord_et_al._AA&P_03225_March_24th.pdf},
}
